<record><leader>00000cas a22000007a 4500</leader><controlfield tag="001">12253532</controlfield><controlfield tag="008">850711d18391847pauwr ne      0    0eng d</controlfield><datafield ind1=" " ind2=" " tag="010"><subfield code="a">sn 85054996 </subfield></datafield><datafield ind1=" " ind2=" " tag="040"><subfield code="a">NPH</subfield><subfield code="b">eng</subfield><subfield code="c">NPH</subfield><subfield code="d">DLC</subfield><subfield code="d">NPX</subfield><subfield code="d">OCLCQ</subfield></datafield><datafield ind1=" " ind2=" " tag="042"><subfield code="a">msc</subfield></datafield><datafield ind1="0" ind2="0" tag="050"><subfield code="a">Newspaper 9375-X</subfield></datafield><datafield ind1="0" ind2=" " tag="130"><subfield code="a">Clinton County Whig (Lock Haven, Pa.)</subfield></datafield><datafield ind1="1" ind2="4" tag="245"><subfield code="a">The Clinton County Whig.</subfield></datafield><datafield ind1=" " ind2=" " tag="260"><subfield code="a">Lock Haven, Pa :</subfield><subfield code="b">R.F. M'Cormick, &amp; J.B.G. Kinsloe</subfield></datafield><datafield ind1=" " ind2=" " tag="300"><subfield code="a">v. ;</subfield><subfield code="c">54 cm.</subfield></datafield><datafield ind1=" " ind2=" " tag="310"><subfield code="a">Weekly</subfield></datafield><datafield ind1="1" ind2=" " tag="362"><subfield code="a">Began in Nov. 1839.</subfield></datafield><datafield ind1="1" ind2=" " tag="362"><subfield code="a">Ceased with Oct. 17, 1847 issue.</subfield><subfield code="z">Cf. Rossell, G.E. Pa. newspapers.</subfield></datafield><datafield ind1=" " ind2=" " tag="500"><subfield code="a">Publishers: Robert F. M'Cormick &amp; J.B.G. Kinsloe, &lt;1839&gt;; Robert F. M'Cormick &amp; I.B. Gara, &lt;1840-1841&gt;; I.B. Gara, &lt;1844&gt;.</subfield></datafield><datafield ind1=" " ind2=" " tag="500"><subfield code="a">"Democratic Whig," &lt;1840-1841&gt;.</subfield></datafield><datafield ind1=" " ind2=" " tag="500"><subfield code="a">Editors: Robert F. M'Cormick, &lt;1839&gt;; J.B.G. Kinsloe, &lt;1839&gt;.</subfield></datafield><datafield ind1=" " ind2=" " tag="588"><subfield code="a">Description based on: Vol. 1, no. 2 (Nov. 26, 1839).</subfield></datafield><datafield ind1=" " ind2=" " tag="752"><subfield code="a">United States</subfield><subfield code="b">Pennsylvania</subfield><subfield code="c">Clinton</subfield><subfield code="d">Lock Haven.</subfield></datafield><datafield ind1="0" ind2="0" tag="780"><subfield code="t">Clintonian (Lock Haven, Pa.)</subfield><subfield code="w">(DLC)sn 85054995</subfield></datafield><datafield ind1="1" ind2=" " tag="029"><subfield code="a">AU@</subfield><subfield code="b">000025803022</subfield></datafield></record>